% Encoding: UTF-8

@InProceedings{,
  author    = {Bob L. Sturm},
  title     = {REVISITING PRIORITIES: IMPROVING MIR EVALUATION PRACTICES},
  booktitle = {Proceedings of the 17th ISMIR Conference},
  year      = {2016},
  date      = {7-11 August},
}

@Article{Urbano2013,
  author    = {Juli√†n Urbano and Markus Schedl and Xavier Serra},
  title     = {Evaluation in Music Information Retrieval},
  year      = {2013},
  volume    = {41},
  number    = {3},
  month     = {jul},
  pages     = {345--369},
  doi       = {10.1007/s10844-013-0249-4},
  url       = {http://dx.doi.org/10.1007/s10844-013-0249-4},
  file      = {:/home/anyere/Dokumente/Audiokommunikation/Dinge aus Gruenden zu Zeiten in Raumen/Literatur/bd41cca9c1cd48560ce0b3928b0417980085.pdf:PDF},
  journal   = {Journal of Intelligent Information Systems},
  publisher = {Springer Nature},
}

@Comment{jabref-meta: databaseType:biblatex;}
